<record><leader>00000cas a2200000 i 4500</leader><controlfield tag="001">878562009</controlfield><controlfield tag="007">hd afb---bacp</controlfield><controlfield tag="007">hd afb---babp</controlfield><controlfield tag="008">140429d18951895mtuwr nea     0    0eng c</controlfield><datafield ind1=" " ind2=" " tag="010"><subfield code="a">  2014252004</subfield></datafield><datafield ind1=" " ind2=" " tag="040"><subfield code="a">WAU</subfield><subfield code="b">eng</subfield><subfield code="e">rda</subfield><subfield code="c">WAU</subfield><subfield code="d">WAU</subfield><subfield code="d">OCLCF</subfield><subfield code="d">WAU</subfield></datafield><datafield ind1=" " ind2=" " tag="042"><subfield code="a">pcc</subfield></datafield><datafield ind1=" " ind2=" " tag="043"><subfield code="a">n-us-mt</subfield></datafield><datafield ind1="0" ind2="4" tag="245"><subfield code="a">The Lump City miner.</subfield></datafield><datafield ind1=" " ind2="1" tag="264"><subfield code="a">Lump City, Mont. :</subfield><subfield code="b">Williams &amp; Sons,</subfield><subfield code="c">1895.</subfield></datafield><datafield ind1=" " ind2=" " tag="300"><subfield code="a">volumes</subfield></datafield><datafield ind1=" " ind2=" " tag="310"><subfield code="a">Weekly</subfield></datafield><datafield ind1=" " ind2=" " tag="336"><subfield code="a">text</subfield><subfield code="b">txt</subfield><subfield code="2">rdacontent</subfield></datafield><datafield ind1=" " ind2=" " tag="337"><subfield code="a">microform</subfield><subfield code="b">h</subfield><subfield code="2">rdamedia</subfield></datafield><datafield ind1=" " ind2=" " tag="338"><subfield code="a">microfilm reel</subfield><subfield code="b">hd</subfield><subfield code="2">rdacarrier</subfield></datafield><datafield ind1="1" ind2=" " tag="362"><subfield code="a">Began with: Vol. 1, no. 2 (Jan. 12, 1895); ceased with: vol. 1, no. 52 (Dec. 28, 1895).</subfield></datafield><datafield ind1=" " ind2=" " tag="533"><subfield code="a">Microfilm.</subfield><subfield code="b">Seattle, Wash. :</subfield><subfield code="c">Cascade Microfilm Systems.</subfield><subfield code="e">1 microfilm reel ; 35 mm.</subfield></datafield><datafield ind1=" " ind2=" " tag="588"><subfield code="a">Description based on: Vol. 1, no. 2 (Jan. 12, 1895); title from masthead.</subfield></datafield><datafield ind1=" " ind2=" " tag="588"><subfield code="a">Latest issue consulted: Vol. 1, no. 52 (Dec. 28, 1895).</subfield></datafield><datafield ind1=" " ind2="0" tag="651"><subfield code="a">Montana</subfield><subfield code="v">Newspapers.</subfield></datafield><datafield ind1=" " ind2="7" tag="651"><subfield code="a">Montana.</subfield><subfield code="2">fast</subfield><subfield code="0">(OCoLC)fst01207555</subfield></datafield><datafield ind1=" " ind2="7" tag="655"><subfield code="a">Newspapers.</subfield><subfield code="2">fast</subfield><subfield code="0">(OCoLC)fst01423814</subfield></datafield><datafield ind1=" " ind2=" " tag="752"><subfield code="a">United States</subfield><subfield code="b">Montana</subfield><subfield code="c">Jefferson</subfield><subfield code="d">Lump City.</subfield></datafield><datafield ind1="1" ind2=" " tag="776"><subfield code="t">Lump City miner</subfield><subfield code="w">(DLC)sn 85053010</subfield><subfield code="w">(OCoLC)11593160</subfield></datafield><datafield ind1="0" ind2="0" tag="785"><subfield code="t">Clancy miner</subfield><subfield code="w">(DLC)  2014252005</subfield><subfield code="w">(OCoLC)878562557</subfield></datafield></record>